@misc{lobatto,
    author   = {Weisstein, Eric W.},
    title    = {Lobatto Quadrature. {From MathWorld---A Wolfram Web Resource}},
    url      = {\url{http://mathworld.wolfram.com/LobattoQuadrature.html}},
    note     = {Last visited on 04/01/2017},
}

@misc{simpson,
    author   = {I.P. Mysovskikh},
    title    = {Simpson formula},
    url      = {\url{http://www.encyclopediaofmath.org/index.php?title=Simpson_formula&oldid=17966}},
    note     = {Last visited on 04/01/2017},
}

@book{simp,
	title = {Fundamental Principles of Optical Lithography},
	author = {SÃ¼li, Endre \& Mayers, David},
 	year = {2003},
	publicher = {Cambridge University Press},
}

@misc{simp38,
    author   = {Weisstein, Eric W.},
    title    = {Simpson's 3/8 Rule. {From MathWorld---A Wolfram Web Resource}},
    url      = {\url{http://mathworld.wolfram.com/Simpsons38Rule.html}},
    note     = {Last visited on 04/01/2017},
}

@misc{gauss,
    author   = {Weisstein, Eric W.},
    title    = {Legendre-Gauss Quadrature. {From MathWorld---A Wolfram Web Resource}},
    url      = {\url{http://mathworld.wolfram.com/Legendre-GaussQuadrature.html}},
    note     = {Last visited on 04/01/2017},
}